% Encoding: UTF-8

@inproceedings{25,
 author = {Ke, Guolin and Meng, Qi and Finley, Thomas and Wang, Taifeng and Chen, Wei and Ma, Weidong and Ye, Qiwei and Liu, Tie-Yan},
 booktitle = {Advances in Neural Information Processing Systems},
 pages = {},
 address={Long Beach, CA, USA},
 publisher = {Curran Associates, Inc},
 title = {LightGBM: A Highly Efficient Gradient Boosting Decision Tree},
 year = {2017}
}

@article{2,
  title={柔性作业车间调度优化的改进遗传退火算法},
  author={何东东},
  journal={制造业自动化},
  volume={41},
  number={1},
  pages={6},
  year={2019},
}

@article{1,
  title={基于遗传模拟退火算法的柔性流水车间调度节能优化},
  author={彭来湖王伟华万昌江万璐璐},
  journal={软件工程},
  volume={25},
  number={11},
  pages={49-55},
  year={2022},
}

@article{3,
  title = {A genetic algorithm for the Flexible Job-shop Scheduling Problem},
journal = {Computers & Operations Research},
volume = {35},
number = {10},
pages = {3202-3212},
year = {2008},
note = {Part Special Issue: Search-based Software Engineering},
author = {F. Pezzella and G. Morganti and G. Ciaschetti},
}

@article{4,
  author="Mirjalili, Seyedali",
title="Genetic Algorithm",
bookTitle="Evolutionary Algorithms and Neural Networks: Theory and Applications",
year="2019",
publisher="Springer International Publishing",
address="Cham",
pages="43--55",
}

@article{5,
  author={Gao, Da and Wang, Gai-Ge and Pedrycz, Witold},
  journal={IEEE Transactions on Fuzzy Systems}, 
  title={Solving Fuzzy Job-Shop Scheduling Problem Using DE Algorithm Improved by a Selection Mechanism}, 
  year={2020},
  volume={28},
  number={12},
  pages={3265-3275},
}
@article{6,
  title={基于规则导向的柔性作业车间多目标动态调度算法},
  author={朱伟},
  journal={系统工程理论与实践},
  volume={37},
  number={010},
  pages={2690-2699},
  year={2017},
}

@article{7,
  title={改进粒子群算法在柔性作业车间调度中的应用},
  author={杨文理 and 李长云},
  journal={科学技术创新},
  number={012},
  volume={36},
  pages={000},
  year={2021},
}
@article{8,
  title = {A genetic algorithm for scheduling open shops with sequence-dependent setup times},
author = {Levi R. Abreu and Jesus O. Cunha and Bruno A. Prata and Jose M. Framinan},
journal = {Computers & Operations Research},
volume = {113},
pages = {104793},
year = {2020},

}







 %url = {https://proceedings.neurips.cc/paper/2017/file/facf9f743b083008a894eee7baa16469-Paper.pdf},
 
@Comment{jabref-meta: databaseType:bibtex;}
